<record><leader>00000cas a22000007a 4500</leader><controlfield tag="001">11731290</controlfield><controlfield tag="008">850225d18551855mduwr ne      0    0eng d</controlfield><datafield ind1=" " ind2=" " tag="010"><subfield code="a">sn 85025410 </subfield></datafield><datafield ind1=" " ind2=" " tag="040"><subfield code="a">NPX</subfield><subfield code="b">eng</subfield><subfield code="c">NPX</subfield><subfield code="d">MFN</subfield><subfield code="d">OCLCQ</subfield></datafield><datafield ind1=" " ind2=" " tag="042"><subfield code="a">msc</subfield></datafield><datafield ind1="0" ind2=" " tag="130"><subfield code="a">Worcester County shield (Snow Hill, Md. : 1855)</subfield></datafield><datafield ind1="1" ind2="0" tag="245"><subfield code="a">Worcester County shield.</subfield></datafield><datafield ind1=" " ind2=" " tag="260"><subfield code="a">Snow Hill, Md. :</subfield><subfield code="b">G.W. Purnell Smith</subfield></datafield><datafield ind1=" " ind2=" " tag="300"><subfield code="a">v.</subfield></datafield><datafield ind1=" " ind2=" " tag="310"><subfield code="a">Weekly</subfield></datafield><datafield ind1="1" ind2=" " tag="362"><subfield code="a">Began in 1855; ceased in 1855?</subfield></datafield><datafield ind1=" " ind2=" " tag="588"><subfield code="a">Description based on: Vol. 10, no. 38 (Sept. 18, 1855).</subfield></datafield><datafield ind1=" " ind2=" " tag="752"><subfield code="a">United States</subfield><subfield code="b">Maryland</subfield><subfield code="c">Worcester</subfield><subfield code="d">Snow Hill.</subfield></datafield><datafield ind1="0" ind2="0" tag="780"><subfield code="t">Worcester shield, and spirit of the Whig press</subfield><subfield code="w">(DLC)sn 88065216</subfield></datafield><datafield ind1="0" ind2="0" tag="785"><subfield code="t">Worcester shield</subfield><subfield code="w">(DLC)sn 90057288</subfield></datafield></record>